@incollection{keviczky2018stability,
  title={Stability of linear control systems},
  author={Keviczky, L{\'a}szl{\'o} and Bars, Ruth and Hetth{\'e}ssy, Jen{\H{o}} and B{\'a}ny{\'a}sz, Csilla},
  booktitle={Control Engineering},
  pages={197--239},
  year={2018},
  publisher={Springer}
}

@article{hatziargyriou2020definition,
  title={Definition and classification of power system stability--revisited \& extended},
  author={Hatziargyriou, Nikos and Milanovic, Jovica and Rahmann, Claudia and Ajjarapu, Venkataramana and Canizares, Claudio and Erlich, Istvan and Hill, David and Hiskens, Ian and Kamwa, Innocent and Pal, Bikash and others},
  journal={IEEE Transactions on Power Systems},
  volume={36},
  number={4},
  pages={3271--3281},
  year={2020},
  publisher={IEEE}
}

@inproceedings{ohno20061987,
  title={The 1987 tokyo blackout},
  author={Ohno, T and Imai, S},
  booktitle={2006 IEEE PES power systems conference and exposition},
  pages={314--318},
  year={2006},
  organization={IEEE}
}

@inproceedings{kurita1988power,
  title={The power system failure on July 23, 1987 in Tokyo},
  author={Kurita, Atsushi and Sakurai, Takeichi},
  booktitle={Proceedings of the 27th IEEE Conference on Decision and Control},
  pages={2093--2097},
  year={1988},
  organization={IEEE}
}

@inproceedings{li2007analysis,
  title={Analysis of the blackout in Europe on November 4, 2006},
  author={Li, Chunyan and Sun, Yuanzhang and Chen, Xiangyi},
  booktitle={2007 International Power Engineering Conference (IPEC 2007)},
  pages={939--944},
  year={2007},
  organization={IEEE}
}

