@book{mohan2012electric,
  title={Electric power systems: a first course},
  author={Mohan, Ned},
  year={2012},
  publisher={John Wiley \& Sons}
}

@article{thurner2018pandapower,
  title={pandapowerâ€”an open-source python tool for convenient modeling, analysis, and optimization of electric power systems},
  author={Thurner, Leon and Scheidler, Alexander and Sch{\"a}fer, Florian and Menke, Jan-Hendrik and Dollichon, Julian and Meier, Friederike and Meinecke, Steffen and Braun, Martin},
  journal={IEEE Transactions on Power Systems},
  volume={33},
  number={6},
  pages={6510--6521},
  year={2018},
  publisher={IEEE}
}