@incollection{keviczky2018stability,
  title={Stability of linear control systems},
  author={Keviczky, L{\'a}szl{\'o} and Bars, Ruth and Hetth{\'e}ssy, Jen{\H{o}} and B{\'a}ny{\'a}sz, Csilla},
  booktitle={Control Engineering},
  pages={197--239},
  year={2018},
  publisher={Springer}
}

@article{hatziargyriou2020definition,
  title={Definition and classification of power system stability--revisited \& extended},
  author={Hatziargyriou, Nikos and Milanovic, Jovica and Rahmann, Claudia and Ajjarapu, Venkataramana and Canizares, Claudio and Erlich, Istvan and Hill, David and Hiskens, Ian and Kamwa, Innocent and Pal, Bikash and others},
  journal={IEEE Transactions on Power Systems},
  volume={36},
  number={4},
  pages={3271--3281},
  year={2020},
  publisher={IEEE}
}